<?xml version="1.0" encoding="UTF-8"?><record xmlns="http://www.loc.gov/MARC21/slim" xmlns:cinclude="http://apache.org/cocoon/include/1.0" xmlns:zs="http://www.loc.gov/zing/srw/">
  <leader>00388nz  a2200121n  4500</leader>
  <controlfield tag="001">n 2012043742</controlfield>
  <controlfield tag="003">DLC</controlfield>
  <controlfield tag="005">20120707074921.0</controlfield>
  <controlfield tag="008">120706n| acannaabn          |n aaa      </controlfield>
  <datafield tag="010" ind1=" " ind2=" ">
    <subfield code="a">n 2012043742</subfield>
  </datafield>
  <datafield tag="040" ind1=" " ind2=" ">
    <subfield code="a">DLC</subfield>
    <subfield code="b">eng</subfield>
    <subfield code="c">DLC</subfield>
  </datafield>
  <datafield tag="100" ind1="1" ind2=" ">
    <subfield code="a">Johanson, Sven-Eric,</subfield>
    <subfield code="d">1919-1997.</subfield>
    <subfield code="t">Evangelisk körmusik</subfield>
  </datafield>
  <datafield tag="670" ind1=" " ind2=" ">
    <subfield code="a">Johanson, Sven-Eric. Sex andliga sånger [SR] 1964?:</subfield>
    <subfield code="b">container (ur Evangelisk körmusik)</subfield>
  </datafield>
</record>